
    <zs:record>
      <zs:recordPacking>xml</zs:recordPacking>
      <zs:recordData>
        <record xmlns="http://www.loc.gov/MARC21/slim">
          <leader>00418nz a2200109 4500</leader>
          <controlfield tag="001">30002029</controlfield>
          <controlfield tag="003">RISM</controlfield>
          <controlfield tag="005">20121108</controlfield>
          <controlfield tag="008">121108n||az|||||||##########||||||||||||</controlfield>
          <datafield tag="043" ind1=" " ind2=" ">
            <subfield code="c">Netherlands</subfield>
          </datafield>
          <datafield tag="110" ind1="2" ind2=" ">
            <subfield code="a">Koninklijke Bibliotheek, Nationale Bibliotheek van Nederland</subfield>
            <subfield code="c">Den Haag</subfield>
            <subfield code="g">NL-DHk</subfield>
          </datafield>
          <datafield tag="622" ind1=" " ind2=" ">
            <subfield code="e">Koninklijke Bibliotheek, Nationale, Bibliotheek van Nederland, Prins Willem-Alexanderhof
              5, 2592 BE Den Haag, Netherlands</subfield>
            <subfield code="u">http://www.kb.nl</subfield>
          </datafield>
          <idzebra xmlns="http://www.indexdata.dk/zebra/">
            <size>418</size>
            <score>734</score>
            <localnumber>830296</localnumber>
            <filename>sigla/sigla.mrc</filename>
          </idzebra>
        </record>
      </zs:recordData>
      <zs:recordPosition>12</zs:recordPosition>
    </zs:record>