
    <zs:record>
      <zs:recordPacking>xml</zs:recordPacking>
      <zs:recordData>
        <record xmlns="http://www.loc.gov/MARC21/slim">
          <leader>00498nz a2200121 4500</leader>
          <controlfield tag="001">30002044</controlfield>
          <controlfield tag="003">RISM</controlfield>
          <controlfield tag="005">20121108</controlfield>
          <controlfield tag="008">121108n||az|||||||##########||||||||||||</controlfield>
          <datafield tag="043" ind1=" " ind2=" ">
            <subfield code="c">Netherlands</subfield>
          </datafield>
          <datafield tag="110" ind1="2" ind2=" ">
            <subfield code="a">Archief van de Illustre Lieve Vrouwe Broederschap</subfield>
            <subfield code="c">'s-Hertogenbosch</subfield>
            <subfield code="g">NL-SH</subfield>
          </datafield>
          <datafield tag="622" ind1=" " ind2=" ">
            <subfield code="e">Archief van de Illustre Lieve Vrouwe, Broederschap, Zwanenbroedershuis, Hinthamerstraat
              94, 5211 MS 's-Hertogenbosch, Netherlands</subfield>
            <subfield code="u">http://www.zwanenbroedershuis.nl/</subfield>
          </datafield>
          <datafield tag="688" ind1="2" ind2=" ">
            <subfield code="a">Series B: 'sH; N-Grove: 'sH; Series C: 'sH</subfield>
          </datafield>
          <idzebra xmlns="http://www.indexdata.dk/zebra/">
            <size>498</size>
            <score>734</score>
            <localnumber>830303</localnumber>
            <filename>sigla/sigla.mrc</filename>
          </idzebra>
        </record>
      </zs:recordData>
      <zs:recordPosition>19</zs:recordPosition>
    </zs:record>