
    <zs:record>
      <zs:recordPacking>xml</zs:recordPacking>
      <zs:recordData>
        <record xmlns="http://www.loc.gov/MARC21/slim">
          <leader>00450nz a2200121 4500</leader>
          <controlfield tag="001">30006585</controlfield>
          <controlfield tag="003">RISM</controlfield>
          <controlfield tag="005">20121108</controlfield>
          <controlfield tag="008">121108n||az|||||||##########||||||||||||</controlfield>
          <datafield tag="043" ind1=" " ind2=" ">
            <subfield code="c">Netherlands</subfield>
          </datafield>
          <datafield tag="110" ind1="2" ind2=" ">
            <subfield code="a">Radboud Universiteit, Universiteitsbibliotheek</subfield>
            <subfield code="c">Nijmegen</subfield>
            <subfield code="g">NL-Nku</subfield>
          </datafield>
          <datafield tag="410" ind1="2" ind2=" ">
            <subfield code="a">Katholieke Universiteit, Bibliotheek</subfield>
          </datafield>
          <datafield tag="622" ind1=" " ind2=" ">
            <subfield code="e">Radboud Universiteit,, Universiteitsbibliotheek, Postbus 9100, Erasmuslaan 36, 6500 HA
              Nijmegen, Netherlands</subfield>
            <subfield code="u">http://www.ru.nl/ubn/</subfield>
          </datafield>
          <idzebra xmlns="http://www.indexdata.dk/zebra/">
            <size>450</size>
            <score>734</score>
            <localnumber>832824</localnumber>
            <filename>sigla/sigla.mrc</filename>
          </idzebra>
        </record>
      </zs:recordData>
      <zs:recordPosition>30</zs:recordPosition>
    </zs:record>