
    <zs:record>
      <zs:recordPacking>xml</zs:recordPacking>
      <zs:recordData>
        <record xmlns="http://www.loc.gov/MARC21/slim">
          <leader>00412nz a2200121 4500</leader>
          <controlfield tag="001">30006492</controlfield>
          <controlfield tag="003">RISM</controlfield>
          <controlfield tag="005">20121108</controlfield>
          <controlfield tag="008">121108n||az|||||||##########||||||||||||</controlfield>
          <datafield tag="043" ind1=" " ind2=" ">
            <subfield code="c">Netherlands</subfield>
          </datafield>
          <datafield tag="110" ind1="2" ind2=" ">
            <subfield code="a">Nederlands Muziek Instituut</subfield>
            <subfield code="c">Den Haag</subfield>
            <subfield code="g">NL-DHnmi</subfield>
          </datafield>
          <datafield tag="622" ind1=" " ind2=" ">
            <subfield code="e">Nederlands Muziek Instituut, Prins Willem-Alexanderhof 5, 2595 BE Den Haag,
              Netherlands</subfield>
            <subfield code="u">http://www.nederlandsmuziekinstituut.nl</subfield>
          </datafield>
          <datafield tag="852" ind1="2" ind2=" ">
            <subfield code="b">52.0819782, 4.32699</subfield>
          </datafield>
          <idzebra xmlns="http://www.indexdata.dk/zebra/">
            <size>412</size>
            <score>734</score>
            <localnumber>833100</localnumber>
            <filename>sigla/sigla.mrc</filename>
          </idzebra>
        </record>
      </zs:recordData>
      <zs:recordPosition>31</zs:recordPosition>
    </zs:record>